%%QUANTUM GRAPHS AND CONVERGENCE TO THEM

%Introduction to Quantum Graphs, G. Berkolaiko and P. Kuchment
@book{berkolaiko2013introduction,
  title={Introduction to quantum graphs},
  author={Berkolaiko, Gregory and Kuchment, Peter},
  number={186},
  year={2013},
  publisher={American Mathematical Soc.}
}

%Convergence of Spectra of graph-like thin manifolds, P.Exner, O.Post
%% The paper that motivates us to study QG problems as some asymptotic limit of thin-structure problems
@article{exner2005convergence,
  title={Convergence of spectra of graph-like thin manifolds},
  author={Exner, Pavel and Post, Olaf},
  journal={Journal of Geometry and Physics},
  volume={54},
  number={1},
  pages={77--115},
  year={2005},
  publisher={Elsevier}
}

%Isospectrality for graph Laplacians under the change of coupling at graph vertices, Y. Ershova, I. Karpenko, A.V. Kiselev
%% The paper that I basically learnt quantum graphs and M-theory from (EKK)!
@article{ershova2014isospectrality,
  title={Isospectrality for graph Laplacians under the change of coupling at graph vertices},
  author={Ershova, Yulia and Karpenko, Irina I and Kiselev, Alexander V},
  journal={arXiv preprint arXiv:1405.2997},
  year={2014}
}

%Isospectrality for graph Laplacians under the change of coupling at graph vertices: necessary and sufficient conditions, Y. Ershova, I. Karpenko, A.V. Kiselev
%% Follow-on from the previous quantum graphs paper by the same authors. Features some more analysis-heavy stuff
@article{ershova2016isospectrality,
  title={Isospectrality for graph Laplacians under the change of coupling at graph vertices: necessary and sufficient conditions},
  author={Ershova, Yulia and Karpenko, Irina I and Kiselev, Alexander V},
  journal={Mathematika},
  volume={62},
  number={1},
  pages={210--242},
  year={2016},
  publisher={London Mathematical Society}
}

%Time-Dispersive Behavior as a Feature of Critical Contrast Media, Kirill, Y. Ershova, A.V. Kiselev
%%In which they formulate a quantum graph problem with 1D quasimomentum and solve it
@article{cherednichenko2019time,
  title={Time-Dispersive Behavior as a Feature of Critical-Contrast Media},
  author={Cherednichenko, Kirill and Ershova, Yulia and Kiselev, Alexander V},
  journal={SIAM Journal on Applied Mathematics},
  volume={79},
  number={2},
  pages={690--715},
  year={2019},
  publisher={SIAM}
}

%%NUMERICAL ANALYSIS

%The Non-linear eigenvalue problem, S. Guttel, F. Tisseur
%% Paper sent by Melina about the non-linear eigenvalue problem and some numerical schemes that can be employed to solve it, from uni. manchester.
@article{guttel2017nonlinear,
  title={The nonlinear eigenvalue problem},
  author={G{\"u}ttel, Stefan and Tisseur, Fran{\c{c}}oise},
  journal={Acta Numerica},
  volume={26},
  pages={1--94},
  year={2017},
  publisher={Cambridge University Press}
}

%Finite Element methods for Maxwell's equations
% Monk's tome on FEM for Maxwell, just to prove that it can be done and there is thoery for it.
@book{monk2003finite,
  title={Finite element methods for Maxwell's equations},
  author={Monk, Peter and others},
  year={2003},
  publisher={Oxford University Press}
}


%%HOMOGENISATION, MEASURES AND SINGULAR STRUCTURES

%On an extension of the method of two-scale convergence and its applications, V.V. Zhikov
%% Zhikov's paper outlining the measure-based Sobolev spaces, many results on gradients of zero, and the basis for our analysis and reduction to a QG problem
@article{zhikov2000extension,
  title={On an extension of the method of two-scale convergence and its applications},
  author={Zhikov, Vasilii Vasil’evich},
  journal={Sbornik: Mathematics},
  volume={191},
  number={7},
  pages={973},
  year={2000},
  publisher={IOP Publishing}
}

%Homogenization of elasticity problems on singular structures; most of the arguments about the additional structure of the Sobolev spaces over graphs is postualated in here, and proved for elasticity problems.
@article{zhikov2002homogenization,
  title={Homogenization of elasticity problems on singular structures},
  author={Zhikov, Vasilii Vasil'evich},
  journal={Izvestiya: Mathematics},
  volume={66},
  number={2},
  pages={299},
  year={2002},
  publisher={IOP Publishing}
}

%Operator-Norm Convergence Estimates for Elliptic Homogenization Problems on Periodic Singular Structures
% Kirill + Serena; operator-norm estimates for the solutions to elliptic, scalar-valued equations on periodic singular structures scaled by \eps
@article{cherednichenko2018elliptic,
  title={Operator-Norm Convergence Estimates for Elliptic Homogenization Problems on Periodic Singular Structures},
  author={Cherednichenko, Kirill and D’Onofrio, Serena},
  journal={Journal of Mathematical Sciences},
  volume={232},
  number={4},
  pages={558--572},
  year={2018},
  publisher={Springer}
}

%Operator-norm homogenisation estimates for the system of Maxwell equations on periodic singular structures
% Kirill + Serena; op-norm resolvant estimates for Maxwell's equations on a periodic singular structure scaled by small param \eps
@article{cherednichenko2018maxwell,
  title={Operator-norm homogenisation estimates for the system of Maxwell equations on periodic singular structures},
  author={Cherednichenko, Kirill and D'Onofrio, Serena},
  journal={arXiv preprint arXiv:1811.08980},
  year={2018}
}

%%PCFS AND THE LIKE

%Photonic Crystal Fibres, J.C.Knight
%% Introductory of overview paper on the comparison between photonic and optical fibres
@article{knight2003photonic,
  title={Photonic crystal fibres},
  author={Knight, Jonathan C},
  journal={nature},
  volume={424},
  number={6950},
  pages={847},
  year={2003},
  publisher={Nature Publishing Group}
}

%Metallic mode confinement in microstructured fibres
% Paper given by David Bird, using PCFs fabricated with metals
@article{hou2008metallic,
  title={Metallic mode confinement in microstructured fibres},
  author={Hou, Jing and Bird, David and George, Alan and Maier, Stefan and Kuhlmey, Boris T and Knight, JC},
  journal={Optics Express},
  volume={16},
  number={9},
  pages={5983--5990},
  year={2008},
  publisher={Optical Society of America}
}

%All-solid Photonic Bandgap fibre
% Paper given by David, using PCFs with solid cores even though hollow-cores also work ok
@article{luan2004allsolid,
  title={All-solid photonic bandgap fiber},
  author={Luan, Feng and George, Alan K and Hedley, TD and Pearce, GJ and Bird, David M and Knight, JC and Russell, P St J},
  journal={Optics Letters},
  volume={29},
  number={20},
  pages={2369--2371},
  year={2004},
  publisher={Optical Society of America}
}

%Scaling laws and vector effects in bandgap-guiding fibres
% David's paper on scaling laws in PCFs. Subject of the debate on 3rd Feb 2020 with Kirill over lenth scaling in PCFs.
@article{birks2004scaling,
  title={Scaling laws and vector effects in bandgap-guiding fibres},
  author={Birks, TA and Bird, DM and Hedley, TD and Pottage, JM and Russell, P St J},
  journal={Optics Express},
  volume={12},
  number={1},
  pages={69--74},
  year={2004},
  publisher={Optical Society of America}
}

%Approximate band structure calculation for photonic bandgap fibres
@article{birks2006approximate,
  title={Approximate band structure calculation for photonic bandgap fibres},
  author={Birks, Timothy A and Pearce, Greg J and Bird, David M},
  journal={Optics Express},
  volume={14},
  number={20},
  pages={9483--9490},
  year={2006},
  publisher={Optical Society of America}
}

%On band gaps in photonic crystal fibres, S. Cooper, I. Kamotski, S. Valery
@article{cooper2014band,
  title={On band gaps in photonic crystal fibers},
  author={Cooper, Shane and Kamotski, Ilia and Smyshlyaev, Valery},
  journal={arXiv preprint arXiv:1411.0238},
  year={2014}
}

%Gap formation and guided modes in photonic bandgap fibres with high-index rods
% One approximate model for PCF band-gaps that appeals to scaling-laws for Maxwell's equations and some asymptotic forms for the light propagating down the fibre to explain formation of band-gaps in fibres
@article{laegsgaard2004gap,
  title={Gap formation and guided modes in photonic bandgap fibres with high-index rods},
  author={L{\ae}gsgaard, Jesper},
  journal={Journal of Optics A: Pure and Applied Optics},
  volume={6},
  number={8},
  pages={798},
  year={2004},
  publisher={IOP Publishing}
}

%Photonic Crystal Fibres
% Review article by Russell on the state of PCFS, 2003.
@article{russell2003photonic,
  title={Photonic crystal fibers},
  author={Russell, Philip},
  journal={science},
  volume={299},
  number={5605},
  pages={358--362},
  year={2003},
  publisher={American Association for the Advancement of Science}
}
