@article{zhikov2000extension,
  title={On an extension of the method of two-scale convergence and its applications},
  author={Zhikov, Vasilii Vasil'evich},
  journal={Sbornik: Mathematics},
  volume={191},
  number={7},
  pages={973},
  year={2000},
  publisher={IOP Publishing}
}

@misc{graham2018citation,
	title={Placeholder reference - delete from final version},
	author={William Graham},
	note={Placeholder reference to prevent bibtex from crashing every time I compile. Remove from final version (no crash should happen provided this isn't the only reference!)}
}