%Concerning Singular Structures (measure formulations)

%On an extension of the method of two-scale convergence and its applications, V.V. Zhikov
%% Zhikov's paper outlining the measure-based Sobolev spaces, many results on gradients of zero, and the basis for our analysis and reduction to a QG problem
@article{zhikov2000extension,
  title={On an extension of the method of two-scale convergence and its applications},
  author={Zhikov, Vasilii Vasilâ€™evich},
  journal={Sbornik: Mathematics},
  volume={191},
  number={7},
  pages={973},
  year={2000},
  publisher={IOP Publishing}
}

%Homogenization of elasticity problems on singular structures
%% most of the arguments about the additional structure of the Sobolev spaces over graphs is postualated in here, and proved for elasticity problems.
@article{zhikov2002homogenization,
  title={Homogenization of elasticity problems on singular structures},
  author={Zhikov, Vasilii Vasil'evich},
  journal={Izvestiya: Mathematics},
  volume={66},
  number={2},
  pages={299},
  year={2002},
  publisher={IOP Publishing}
}

%Operator-Norm Convergence Estimates for Elliptic Homogenization Problems on Periodic Singular Structures
%% Kirill + Serena; operator-norm estimates for the solutions to elliptic, scalar-valued equations on periodic singular structures with \eps-periodic coefficients
@article{cherednichenko2018elliptic,
  title={Operator-Norm Convergence Estimates for Elliptic Homogenization Problems on Periodic Singular Structures},
  author={Cherednichenko, Kirill and D'Onofrio, Serena},
  journal={Journal of Mathematical Sciences},
  volume={232},
  number={4},
  pages={558--572},
  year={2018},
  publisher={Springer}
}

%Operator-norm homogenisation estimates for the system of Maxwell equations on periodic singular structures
%% Kirill + Serena; op-norm resolvant estimates for Maxwell's equations on a periodic singular structure with rapidly varying \eps-periodic coefficients
@article{cherednichenko2018maxwell,
  title={Operator-norm homogenisation estimates for the system of Maxwell equations on periodic singular structures},
  author={Cherednichenko, Kirill and D'Onofrio, Serena},
  journal={arXiv preprint arXiv:1811.08980},
  year={2018}
}

%Boundary triples

%Norm-resolvent convergence of one-dimensional high-contrast periodic problems to a Kronig--Penney dipole-type model
%% operator-norm resolvent convergence estimates for one-dimensional periodic differential operators with rapidly oscillating coefficients in the non-uniformly elliptic high-contrast setting. asymptotic analysis is based on a special representation of the resolvent of the operator in terms of the M -matrix of an associated boundary triple
@article{cherednichenko2017norm,
  title={Norm-resolvent convergence of one-dimensional high-contrast periodic problems to a Kronig--Penney dipole-type model},
  author={Cherednichenko, Kirill D and Kiselev, Alexander V},
  journal={Communications in Mathematical Physics},
  volume={349},
  number={2},
  pages={441--480},
  year={2017},
  publisher={Springer}
}

%% What Kirill branded as his ``physics paper" to introduce the idea of boundary triples to the physics community
@article{cherednichenko2018effective,
  title={Effective behaviour of critical-contrast PDEs: micro-resonances, frequency conversion, and time dispersive properties. I},
  author={Cherednichenko, Kirill D and Ershova, Yulia Yu and Kiselev, Alexander V},
  journal={Communications in Mathematical Physics},
  volume={375},
  pages={1833--1884},
  year={2020}
}

%Spectral boundary value problems and their linear operators
%% As close to an introduction to boundary triples as you can get. Treatment of spectral BVPs is undertaken utilising the theory of boundary triples
@article{ryzhov2009spectral,
  title={Spectral boundary value problems and their linear operators},
  author={Ryzhov, Vladimir},
  journal={arXiv preprint arXiv:0904.0276},
  year={2009}
}

%Functional model of a class of non-selfadjoint extensions of symmetric operators
%% More abstract study of nonselfadjoint operators, via boundary triples
@incollection{ryzhov2007functional,
  title={Functional model of a class of non-selfadjoint extensions of symmetric operators},
  author={Ryzhov, Vladimir},
  booktitle={Operator theory, analysis and mathematical physics},
  pages={117--158},
  year={2007},
  publisher={Springer}
}

%the M-matrix and/or m-function

%%this collection concerns the more general M-operator, of which the M-matrix is a particular incarnation
@article{kochubei1975extensions,
  title={Extensions of symmetric operators and symmetric binary relations},
  author={Ko{\v{c}}ube{{\u\i}}, Anatoly Naumovich},
  journal={Mat. Zametki},
  volume={17},
  pages={41--48},
  year={1975}
}

@article{kochubei1980characteristic,
  title={Characteristic functions of symmetric operators and their extensions},
  author={Ko{\v{c}}ube{{\u\i}}, Anatoly Naumovich},
  journal={Izv. Akad. Nauk Arm. SSR Ser. Mat.},
  volume={15},
  number={3},
  pages={219--232},
  year={1980}
}

@book{gorbachuk1991boundary,
  title={Boundary value problems for operator differential equations},
  author={Gorbachuk, V I and Gorbackuk, Myroslav L},
  volume={48},
  year={1991},
  publisher={Kluwer Academic Publishers, Dordrecht}
}

@article{brown2008boundary,
  title={Boundary triplets and {$M$}-functions for non-selfadjoint operators, with applications to elliptic {PDE}s and block operator matrices},
  author={Brown, Malcolm and Marletta, Marco and Naboko, Serguei and Wood, Ian},
  journal={Journal of the London Mathematical Society},
  volume={77},
  number={3},
  pages={700--718},
  year={2008},
  publisher={Oxford University Press}
}

@article{brown2020functional,
  title={The functional model for maximal dissipative operators: An approach in the spirit of operator knots},
  author={Brown, Malcolm and Marletta, Marco and Naboko, Serguei and Wood, Ian},
  journal={Transactions of the American Mathematical Society},
  volume={373},
  number={6},
  pages={4145--4187},
  year={2020}
}

@incollection{cherednichenko2020scattering,
  title={Scattering theory for a class of non-selfadjoint extensions of symmetric operators},
  author={Cherednichenko, Kirill D and Kiselev, Alexander V and Silva, Luis O},
  booktitle={Analysis as a Tool in Mathematical Physics},
  pages={194--230},
  year={2020},
  publisher={Birkh{\"{a}}user, Basel}
}

@article{cherednichenko2018functional,
	title={Functional model for extensions of symmetric operators and applications to scattering theory},
	author={Cherednichenko, Kirill D and Kiselev, Alexander V and Silva, Luis O},
	journal={Netw. Heterog. Media},
	volume={13},
	number={2},
	pages={191--215},
	year={2018}
}

%%the next collection of references are on the m-function, the more general counterpart to the M-operator that appears in the theory of boundary triples
@article{titchmarsh1962eigenfunction,
  title={Eigenfunction expansions associated with second-order differential equations, Part 1},
  author={Titchmarsh, Edward Charles and Weiss, George},
  journal={Physics Today},
  volume={15},
  number={8},
  pages={52},
  year={1962},
  publisher={Oxford University Press}
}

@book{atkinson1964discrete,
  title={Discrete and continuous boundary problems},
  author={Atkinson, Frederick Valentine},
  year={1964},
  publisher={Academic Press},
  address={New York, London}
}

@article{derkach1991generalized,
  title={Generalized resolvents and the boundary value problems for Hermitian operators with gaps},
  author={Derkach, Vladimir A and Malamud, Mark M},
  journal={Journal of Functional Analysis},
  volume={95},
  pages={1--95},
  year={1991},
  publisher={Elsevier}
}

@article{derkach2014boundary,
  title={Boundary triplets, Weyl functions, and the Kre{\u\i}n formula},
  author={Derkach, Vladimir},
  journal={Operator theory},
  pages={183--218},
  year={2014},
  publisher={Springer Basel}
}