%The generalised eigenvalue problem

%The Non-linear eigenvalue problem, S. Guttel, F. Tisseur
%% Paper sent by Melina about the non-linear eigenvalue problem and some numerical schemes that can be employed to solve it, from uni. manchester.
@article{guttel2017nonlinear,
  title={The nonlinear eigenvalue problem},
  author={G{\"u}ttel, Stefan and Tisseur, Fran{\c{c}}oise},
  journal={Acta Numerica},
  volume={26},
  pages={1--94},
  year={2017},
  publisher={Cambridge University Press}
}

%Studies of Schrodinger-like operators

%%Shtereberg studies operators of the form (D - A(x))* u (D-A(x)) which is similar to our ``curved edges" system that we would end up with on a QG - we get (d/dt - theta(t))^2 u on our QGs. This study is only done on thin-structures though.
@article{shterenberg2007homogenization,
  title={Homogenization of the periodic magnetic Schr{\"o}dinger operator with degenerate lower edge of the spectrum},
  author={Shterenberg, RG},
  journal={Journal of Mathematical Sciences},
  volume={143},
  number={2},
  pages={3004--3009},
  year={2007},
  publisher={Springer}
}

%Gelfand transform

%Gelfand: Expansion in char functions of an equation with periodic coefficients
%%Gelfand's original work on developing his transform
@article{gelfand1950expansion,
  title={Expansion in characteristic functions of an equation with periodic coefficients (Russian)},
  author={Gelâ€™fand, IM},
  journal={Dokl. Akad. Nauk SSSR (N.S.)},
  volume={73},
  pages={1117--1120},
  year={1950}
}

%generalised resolvants

%A collection of 3 of Strauss' work concerning operators with generalised resolvants, or differentia equations with BCs that depend on the spectral parameter.
@article{strauss1954generalized,
  title={Generalized resolvents of symmetric operators (Russian)},
  author={{\v{S}}trauss, Abraham V},
  journal={Izv. Akad. Nauk SSSR, Ser. Mat.},
  volume={18},
  pages={51--86},
  year={1954},
}

@article{strauss1968extensions,
  title={On the extensions and the characteristic function of a symmetric operator},
  author={{\v{S}}trauss, Abraham V},
  journal={Izv. Akad. Nauk SSSR Ser. Mat.},
  volume={32},
  pages={186--207},
  year={1968}
}

@article{strauss1998functional,
  title={Functional models and generalized spectral functions of symmetric operators},
  author={{\v{S}}trauss, Abraham V},
  journal={St. Petersburg Mathematical Journal},
  volume={10},
  number={5},
  pages={733--784},
  year={1998}
}