%%Books on classical electromagnetism, and its applications

%Jackson, Classical Electrodynamics
%%Mainly just for the background stuff, and the discussion on what real-world systems our non-dimensional governing equations arise from.
@book{jackson1999classical,
  title={Classical Electrodynamics},
  author={Jackson, John David},
  edition={3rd},
  year={1999},
  publisher={John Wiley \& Sons}
}

%Cassenat: Methematical methods in EM
%%Mainly just for the background stuff, but has a discussion of some of the up-to-date methods for dealing with EM equations
@book{cessenat1996mathematical,
  title={Mathematical methods in electromagnetism: linear theory and applications},
  author={Cessenat, Michel},
  volume={41},
  year={1996},
  publisher={World scientific}
}

%Finite Element methods for Maxwell's equations
% Monk's tome on FEM for Maxwell, just to prove that it can be done and there is thoery for it.
@book{monk2003finite,
  title={Finite element methods for Maxwell's equations},
  author={Monk, Peter and others},
  year={2003},
  publisher={Oxford University Press}
}

%Focus on Photonic Crystal Fibres

%Photonic Crystal Fibres, J.C.Knight
%% Introductory of overview paper on the comparison between photonic and optical fibres
@article{knight2003photonic,
  title={Photonic crystal fibres},
  author={Knight, Jonathan C},
  journal={nature},
  volume={424},
  number={6950},
  pages={847},
  year={2003},
  publisher={Nature Publishing Group}
}

%Metallic mode confinement in microstructured fibres
%% Paper given by David Bird, using PCFs fabricated with metals
@article{hou2008metallic,
  title={Metallic mode confinement in microstructured fibres},
  author={Hou, Jing and Bird, David and George, Alan and Maier, Stefan and Kuhlmey, Boris T and Knight, JC},
  journal={Optics Express},
  volume={16},
  number={9},
  pages={5983--5990},
  year={2008},
  publisher={Optical Society of America}
}

%All-solid Photonic Bandgap fibre
%% Paper given by David, using PCFs with solid cores even though hollow-cores also work ok
@article{luan2004allsolid,
  title={All-solid photonic bandgap fiber},
  author={Luan, Feng and George, Alan K and Hedley, TD and Pearce, GJ and Bird, David M and Knight, JC and Russell, P St J},
  journal={Optics Letters},
  volume={29},
  number={20},
  pages={2369--2371},
  year={2004},
  publisher={Optical Society of America}
}

%Scaling laws and vector effects in bandgap-guiding fibres
%% David's paper on scaling laws in PCFs. Subject of the debate on 3rd Feb 2020 with Kirill over lenth scaling in PCFs.
@article{birks2004scaling,
  title={Scaling laws and vector effects in bandgap-guiding fibres},
  author={Birks, TA and Bird, DM and Hedley, TD and Pottage, JM and Russell, P St J},
  journal={Optics Express},
  volume={12},
  number={1},
  pages={69--74},
  year={2004},
  publisher={Optical Society of America}
}

%Approximate band structure calculation for photonic bandgap fibres
@article{birks2006approximate,
  title={Approximate band structure calculation for photonic bandgap fibres},
  author={Birks, Timothy A and Pearce, Greg J and Bird, David M},
  journal={Optics Express},
  volume={14},
  number={20},
  pages={9483--9490},
  year={2006},
  publisher={Optical Society of America}
}

%Gap formation and guided modes in photonic bandgap fibres with high-index rods
%% One approximate model for PCF band-gaps that appeals to scaling-laws for Maxwell's equations and some asymptotic forms for the light propagating down the fibre to explain formation of band-gaps in fibres
@article{laegsgaard2004gap,
  title={Gap formation and guided modes in photonic bandgap fibres with high-index rods},
  author={L{\ae}gsgaard, Jesper},
  journal={Journal of Optics A: Pure and Applied Optics},
  volume={6},
  number={8},
  pages={798},
  year={2004},
  publisher={IOP Publishing}
}

%Photonic Crystal Fibres
%% Review article by Russell on the state of PCFS, 2003.
@article{russell2003photonic,
  title={Photonic crystal fibers},
  author={Russell, Philip},
  journal={science},
  volume={299},
  number={5605},
  pages={358--362},
  year={2003},
  publisher={American Association for the Advancement of Science}
}

%On band gaps in photonic crystal fibres, S. Cooper, I. Kamotski, S. Valery
%% Inclusions in periodic structures are shown to give rise to resonances due to the existance of contrast in between the inclusions and the surrounding matrix
@article{cooper2014band,
  title={On band gaps in photonic crystal fibers},
  author={Cooper, Shane and Kamotski, Ilia and Smyshlyaev, Valery},
  journal={arXiv preprint arXiv:1411.0238},
  year={2014}
}